@online{solid-client-js,
  title    = "Solid JavaScript Client - solid-client",
  url      = "https://github.com/inrupt/solid-client-js/",
  addendum = "(Accessed: 08.05.2021)",
}
@online{rdflib.js,
  title    = "rdflib.js",
  url      = "https://github.com/linkeddata/rdflib.js/",
  addendum = "(Accessed: 08.05.2021)",
}
@online{solid-common-vocab-js,
  title    = "The Solid Common Vocab library for JavaScript",
  url      = "https://github.com/inrupt/solid-common-vocab-js",
  addendum = "(Accessed: 08.05.2021)",
}
@online{solid-client-authn-browser,
  title    = "Solid JavaScript Authentication - solid-client-authn",
  url      = "https://github.com/inrupt/solid-client-authn-js/",
  addendum = "(Accessed: 08.05.2021)",
}
@online{solid-client-authn-node,
  title    = "Solid JavaScript Authentication - solid-client-authn",
  url      = "https://github.com/inrupt/solid-client-authn-js/",
  addendum = "(Accessed: 08.05.2021)",
}
@online{pyoidc,
  title    = "A Python OpenID Connect implementation",
  url      = "https://github.com/OpenIDC/pyoidc/",
  addendum = "(Accessed: 08.05.2021)",
}
@techreport{asqa-paper,
  title       = "aSQA: Architectural Software Quality Assurance: Software Architecture at Work - Technical Report 5: ",
  author      = "Christensen, {Henrik B{\ae}rbak} and Hansen, {Klaus Marius} and Bo Lindstr{\o}m",
  year        = "2010",
  language    = "English",
  publisher   = "Department of Computer Science, Aarhus University",
  type        = "WorkingPaper",
  institution = "Department of Computer Science, Aarhus University",
}
